<?xml version="1.0" encoding="UTF-8"?><collection xmlns="http://www.loc.gov/MARC21/slim"><record><leader>00468nam--2200157-i-4500</leader><controlfield tag="001">000016038</controlfield><controlfield tag="002">20161230</controlfield><controlfield tag="005">20170211141541</controlfield><controlfield tag="008">060222s1000------------r-----000-0-eng-d</controlfield><datafield ind1=" " ind2=" " tag="245"><subfield code="a">Felix c-256 structura si programarea calculatorului</subfield></datafield><datafield ind1=" " ind2=" " tag="260"><subfield code="a">Bucuresti</subfield><subfield code="b">Ed.Tehnica</subfield><subfield code="c">1974</subfield></datafield><datafield ind1=" " ind2=" " tag="300"><subfield code="a">535 p</subfield></datafield><datafield ind1=" " ind2=" " tag="490"><subfield code="a">Seria Practica, Automatica-informatica, Electronica, Conducerea Productiei</subfield></datafield><datafield ind1=" " ind2=" " tag="700"><subfield code="a">Baltac, Vasile</subfield></datafield><datafield ind1=" " ind2=" " tag="852"><subfield code="a">681.3.06</subfield></datafield><datafield ind1=" " ind2=" " tag="CAT"><subfield code="a">SYS</subfield><subfield code="c">20170211</subfield><subfield code="h">141541</subfield></datafield></record></collection>